%YAML 1.1
%TAG !u! tag:unity3d.com,2011:
--- !u!1 &1365866529626825092
GameObject:
  m_ObjectHideFlags: 0
  m_CorrespondingSourceObject: {fileID: 0}
  m_PrefabInstance: {fileID: 0}
  m_PrefabAsset: {fileID: 0}
  serializedVersion: 6
  m_Component:
  - component: {fileID: 1365866529626825091}
  - component: {fileID: 1365866529626825088}
  - component: {fileID: 1365866529626825089}
  - component: {fileID: 1365866529626825090}
  m_Layer: 0
  m_Name: Mask
  m_TagString: Untagged
  m_Icon: {fileID: 0}
  m_NavMeshLayer: 0
  m_StaticEditorFlags: 0
  m_IsActive: 1
--- !u!4 &1365866529626825091
Transform:
  m_ObjectHideFlags: 0
  m_CorrespondingSourceObject: {fileID: 0}
  m_PrefabInstance: {fileID: 0}
  m_PrefabAsset: {fileID: 0}
  m_GameObject: {fileID: 1365866529626825092}
  m_LocalRotation: {x: 0, y: 0, z: 0, w: 1}
  m_LocalPosition: {x: 0, y: 0, z: 0}
  m_LocalScale: {x: 5, y: 5, z: 12}
  m_Children:
  - {fileID: 8680809570061461257}
  m_Father: {fileID: 0}
  m_RootOrder: 0
  m_LocalEulerAnglesHint: {x: 0, y: 0, z: 0}
--- !u!65 &1365866529626825088
BoxCollider:
  m_ObjectHideFlags: 0
  m_CorrespondingSourceObject: {fileID: 0}
  m_PrefabInstance: {fileID: 0}
  m_PrefabAsset: {fileID: 0}
  m_GameObject: {fileID: 1365866529626825092}
  m_Material: {fileID: 0}
  m_IsTrigger: 0
  m_Enabled: 1
  serializedVersion: 2
  m_Size: {x: 1, y: 1, z: 1}
  m_Center: {x: 0, y: 0, z: 0}
--- !u!114 &1365866529626825089
MonoBehaviour:
  m_ObjectHideFlags: 0
  m_CorrespondingSourceObject: {fileID: 0}
  m_PrefabInstance: {fileID: 0}
  m_PrefabAsset: {fileID: 0}
  m_GameObject: {fileID: 1365866529626825092}
  m_Enabled: 1
  m_EditorHideFlags: 0
  m_Script: {fileID: 11500000, guid: 7eaa8e166e2403a45a6f815aac9c4ce4, type: 3}
  m_Name: 
  m_EditorClassIdentifier: 
  maskType: 0
  _maxHealth: 100
  maskContainer: {fileID: 0}
  emissionColor: {r: 766.9961, g: 0, b: 0, a: 1}
  dissolveSpeed: 0
  castShaderSpeed: 0.3
--- !u!114 &1365866529626825090
MonoBehaviour:
  m_ObjectHideFlags: 0
  m_CorrespondingSourceObject: {fileID: 0}
  m_PrefabInstance: {fileID: 0}
  m_PrefabAsset: {fileID: 0}
  m_GameObject: {fileID: 1365866529626825092}
  m_Enabled: 1
  m_EditorHideFlags: 0
  m_Script: {fileID: 11500000, guid: aa584fbee541324448dd18d8409c7a41, type: 3}
  m_Name: 
  m_EditorClassIdentifier: 
  ObservedComponentsFoldoutOpen: 1
  Group: 0
  prefixField: -1
  Synchronization: 0
  OwnershipTransfer: 0
  ObservedComponents:
  - {fileID: 0}
  viewIdField: 0
  InstantiationId: 0
  isRuntimeInstantiated: 0
--- !u!1001 &2862636583599010877
PrefabInstance:
  m_ObjectHideFlags: 0
  serializedVersion: 2
  m_Modification:
    m_TransformParent: {fileID: 1365866529626825091}
    m_Modifications:
    - target: {fileID: 6057031630578879952, guid: 7a9adf50f7c4b4443bb7cb77c7959748,
        type: 3}
      propertyPath: m_Name
      value: explosionPoint
      objectReference: {fileID: 0}
    - target: {fileID: 6900163899004801844, guid: 7a9adf50f7c4b4443bb7cb77c7959748,
        type: 3}
      propertyPath: m_LocalPosition.x
      value: 0
      objectReference: {fileID: 0}
    - target: {fileID: 6900163899004801844, guid: 7a9adf50f7c4b4443bb7cb77c7959748,
        type: 3}
      propertyPath: m_LocalPosition.y
      value: 3.4
      objectReference: {fileID: 0}
    - target: {fileID: 6900163899004801844, guid: 7a9adf50f7c4b4443bb7cb77c7959748,
        type: 3}
      propertyPath: m_LocalPosition.z
      value: -1.07
      objectReference: {fileID: 0}
    - target: {fileID: 6900163899004801844, guid: 7a9adf50f7c4b4443bb7cb77c7959748,
        type: 3}
      propertyPath: m_LocalRotation.x
      value: 0
      objectReference: {fileID: 0}
    - target: {fileID: 6900163899004801844, guid: 7a9adf50f7c4b4443bb7cb77c7959748,
        type: 3}
      propertyPath: m_LocalRotation.y
      value: 0
      objectReference: {fileID: 0}
    - target: {fileID: 6900163899004801844, guid: 7a9adf50f7c4b4443bb7cb77c7959748,
        type: 3}
      propertyPath: m_LocalRotation.z
      value: 0
      objectReference: {fileID: 0}
    - target: {fileID: 6900163899004801844, guid: 7a9adf50f7c4b4443bb7cb77c7959748,
        type: 3}
      propertyPath: m_LocalRotation.w
      value: 1
      objectReference: {fileID: 0}
    - target: {fileID: 6900163899004801844, guid: 7a9adf50f7c4b4443bb7cb77c7959748,
        type: 3}
      propertyPath: m_RootOrder
      value: 0
      objectReference: {fileID: 0}
    - target: {fileID: 6900163899004801844, guid: 7a9adf50f7c4b4443bb7cb77c7959748,
        type: 3}
      propertyPath: m_LocalEulerAnglesHint.x
      value: 0
      objectReference: {fileID: 0}
    - target: {fileID: 6900163899004801844, guid: 7a9adf50f7c4b4443bb7cb77c7959748,
        type: 3}
      propertyPath: m_LocalEulerAnglesHint.y
      value: 0
      objectReference: {fileID: 0}
    - target: {fileID: 6900163899004801844, guid: 7a9adf50f7c4b4443bb7cb77c7959748,
        type: 3}
      propertyPath: m_LocalEulerAnglesHint.z
      value: 0
      objectReference: {fileID: 0}
    m_RemovedComponents: []
  m_SourcePrefab: {fileID: 100100000, guid: 7a9adf50f7c4b4443bb7cb77c7959748, type: 3}
--- !u!4 &8680809570061461257 stripped
Transform:
  m_CorrespondingSourceObject: {fileID: 6900163899004801844, guid: 7a9adf50f7c4b4443bb7cb77c7959748,
    type: 3}
  m_PrefabInstance: {fileID: 2862636583599010877}
  m_PrefabAsset: {fileID: 0}
